<record><leader>00000cas a2200000 a 4500</leader><controlfield tag="001">26288651</controlfield><controlfield tag="008">920730d19551986nyuwr ne      0    0eng c</controlfield><datafield ind1=" " ind2=" " tag="010"><subfield code="a">sn 92061875 </subfield></datafield><datafield ind1=" " ind2=" " tag="040"><subfield code="a">NYS</subfield><subfield code="b">eng</subfield><subfield code="c">NYS</subfield><subfield code="d">OCLCQ</subfield><subfield code="d">OCLCF</subfield><subfield code="d">OCLCO</subfield></datafield><datafield ind1=" " ind2=" " tag="042"><subfield code="a">pcc</subfield></datafield><datafield ind1=" " ind2=" " tag="043"><subfield code="a">n-us-ny</subfield></datafield><datafield ind1="0" ind2="0" tag="245"><subfield code="a">Croton-Cortlandt news.</subfield></datafield><datafield ind1=" " ind2=" " tag="260"><subfield code="a">Croton-on-Hudson, N.Y. :</subfield><subfield code="b">Albert A. Granovsky</subfield></datafield><datafield ind1=" " ind2=" " tag="300"><subfield code="a">v. :</subfield><subfield code="b">ill. ;</subfield><subfield code="c">43-57 cm.</subfield></datafield><datafield ind1=" " ind2=" " tag="310"><subfield code="a">Weekly</subfield></datafield><datafield ind1="0" ind2=" " tag="362"><subfield code="a">Vol. 62, no. 32 (Aug. 11, 1955)-(Oct. 2,1986).</subfield></datafield><datafield ind1=" " ind2=" " tag="500"><subfield code="a">"Official paper for the Town of Cortlandt, Village of Croton-on-Hudson, Village of Buchanan."</subfield></datafield><datafield ind1=" " ind2=" " tag="500"><subfield code="a">"Combined with the Croton-Harmon News, est. 1894 as the Croton Journal."</subfield></datafield><datafield ind1=" " ind2=" " tag="515"><subfield code="a">Continues numbering of Croton-Harmon News.</subfield></datafield><datafield ind1=" " ind2=" " tag="530"><subfield code="a">Available on microfilm from Croton Free Library, Croton-on-Hudson, N.Y.</subfield></datafield><datafield ind1=" " ind2="0" tag="651"><subfield code="a">Croton-on-Hudson (N.Y.)</subfield><subfield code="v">Newspapers.</subfield></datafield><datafield ind1=" " ind2="0" tag="651"><subfield code="a">Cortlandt (N.Y. : Town)</subfield><subfield code="v">Newspapers.</subfield></datafield><datafield ind1=" " ind2="0" tag="651"><subfield code="a">Westchester County (N.Y.)</subfield><subfield code="v">Newspapers.</subfield></datafield><datafield ind1=" " ind2="7" tag="655"><subfield code="a">Newspapers.</subfield><subfield code="2">fast</subfield><subfield code="0">(OCoLC)fst01423814</subfield></datafield><datafield ind1=" " ind2="7" tag="651"><subfield code="a">New York (State)</subfield><subfield code="z">Cortlandt (Town)</subfield><subfield code="2">fast</subfield><subfield code="0">(OCoLC)fst01331603</subfield></datafield><datafield ind1=" " ind2="7" tag="651"><subfield code="a">New York (State)</subfield><subfield code="z">Croton-on-Hudson.</subfield><subfield code="2">fast</subfield><subfield code="0">(OCoLC)fst01234987</subfield></datafield><datafield ind1=" " ind2="7" tag="651"><subfield code="a">New York (State)</subfield><subfield code="z">Westchester County.</subfield><subfield code="2">fast</subfield><subfield code="0">(OCoLC)fst01202684</subfield></datafield><datafield ind1=" " ind2=" " tag="752"><subfield code="a">United States</subfield><subfield code="b">New York</subfield><subfield code="c">Westchester</subfield><subfield code="d">Croton-on-Hudson.</subfield></datafield><datafield ind1="0" ind2="0" tag="780"><subfield code="t">Croton-Harmon news</subfield><subfield code="w">(DLC)sn2003060374</subfield><subfield code="w">(OCoLC)52416569</subfield></datafield><datafield ind1="0" ind2="0" tag="785"><subfield code="t">Gazette (Croton-on-Hudson, N.Y.)</subfield><subfield code="w">(DLC)sn2003060375</subfield><subfield code="w">(OCoLC)52416736</subfield></datafield></record>